%%%%%%%%%%% References 

% Example latex citing. https://www.overleaf.com/learn/latex/Bibliography_management_with_bibtex
@article{einstein,
    author =       "Albert Einstein",
    title =        "{Zur Elektrodynamik bewegter K{\"o}rper}. ({German})
        [{On} the electrodynamics of moving bodies]",
    journal =      "Annalen der Physik",
    volume =       "322",
    number =       "10",
    pages =        "891--921",
    year =         "1905",
    DOI =          "http://dx.doi.org/10.1002/andp.19053221004"
}

@techreport{lande,
  title={Lightning Strikes on Helicopters - Effects, Detection and Avoidance},
  author={Lande, Knut},
  year={1999},
  institution={SAE Technical Paper},
  number={1999-01-2398}
}

@techreport{hardwick,
  title={Assesment of lightnin g threat to north sea helicopters: Final report},
  author={Hardwick, C. J.},
  year={1999},
  institution={Civil Aviation Authority},
  number={99007}
}


@MastersThesis{wasilewska,
author = {Wasilewska, Maja},
title = {Underøskelse av passasjerens risikopersepsjon i forbindelse med helikopterreise offshore},
school = {University of Stavanger},
year = {2019}
}

@article{wilkinson,
  title={Investigation and prediction of helicopter-triggered lightning over the North Sea},
  author={Wilkinson, Jonathan M and Wells, Helen and Field, Paul R and Agnew, Paul},
  journal={Meteorological Applications},
  volume={20},
  number={1},
  pages={94--106},
  year={2013},
  publisher={Wiley Online Library},
  DOI={10.1002/met.1314}
}

@techreport{flight56,
 title={Report on the accident to Aerospatiale AS332L Super Puma, G-TIGK, in North Sea 6nm south-west of Brae Alpha Oil Production Platform on 19 January 1995},
 author={Smart, Ken},
 institution={Department of the Environment, Transport and the Regions},
 year={1997},
 number={2}
}

@techreport{laterhit,
 title={Report on the accident to Sikorsky S-76A+, G-BJVX near the Leman 49/26 Foxtrot platform in the North Sea 16 July 2002},
 institution={Department of Transport},
 author={Smart, Ken},
 year={2005},
 number={2}
}

@incollection{Petrov12,
author = {N.I. Petrov and A. Haddad and G.N. Petrova and H. Griffiths and R.T. Waters},
title = {Study of Effects of Lightning Strikes to an Aircraft},
booktitle = {Recent Advances in Aircraft Technology},
publisher = {IntechOpen},
address = {Rijeka},
year = {2012},
editor = {Ramesh K. Agarwal},
chapter = {22},
doi = {10.5772/36634},
url = {https://doi.org/10.5772/36634}
}

@article{aromehirlam,
author = {Bengtsson, Lisa and Andrae, Ulf and Aspelien, Trygve and Batrak, Yurii and Calvo, Javier and Rooy, Wim and Gleeson, Emily and Sass, Bent and Homleid, Mariken and Hortal, Mariano and Ivarsson, Karl-Ivar and Lenderink, Geert and Niemelä, Sami and Nielsen, Kristian and Onvlee, Jeanette and Rontu, Laura and Samuelsson, Patrick and Muñoz, Daniel and Subias, Alvaro and Køltzow, Morten},
year = {2017},
month = {02},
pages = {},
title = {The HARMONIE-AROME model configuration in the ALADIN-HIRLAM NWP system},
volume = {145},
journal = {Monthly Weather Review},
doi = {10.1175/MWR-D-16-0417.1}
}

@article{era5,
author = {Hersbach, H and de Rosnay, P and Bell, B and Schepers, D and Simmons, A and Soci, C and Abdalla, S and Alonso-Balmaseda, M and Balsamo, G and Bechtold, P and Berrisford, P and Bidlot, J-R and de Boisséson, E and Bonavita, M and Browne, P and Buizza, R and Dahlgren, P and Dee, D and Dragani, R and Diamantakis, M and Flemming, J and Forbes, R and Geer, AJ and Haiden, T and Hólm, E and Haimberger, L and Hogan, R and Horányi, A and Janiskova, M and Laloyaux, P and Lopez, P and Munoz-Sabater, J and Peubey, C and Radu, R and Richardson, D and Thépaut, J-N and Vitart, F and Yang, X and Zsótér, E and Zuo, H},
title={Operational global reanalysis: progress, future directions and synergies with NWP},
year = {2018},
month = {02},
series = {ERA Report Series},
number = {27},
doi = {10.21957/tkic6g3wm}
}